%% This BibTeX bibliography file was created using BibDesk.
%% https://bibdesk.sourceforge.io/

%% Created for Mehdi Rezaie at 2022-09-01 11:49:14 -0400 


%% Saved with string encoding Unicode (UTF-8) 



@article{samushia2021information,
  title={Information content of higher order galaxy correlation functions},
  author={Samushia, Lado and Slepian, Zachary and Villaescusa-Navarro, Francisco},
  journal={Monthly Notices of the Royal Astronomical Society},
  volume={505},
  number={1},
  pages={628--641},
  year={2021},
  publisher={Oxford University Press}
}